@misc{techterms,
	Author = {{TechTerms.com}},
	Howpublished = {https://techterms.com/definition/blockchain},
	Title = {Blockchain},
	Year = {2019}}
	
@article{DLT,
  title={{Distributed ledger technology: Applications and implications}},
  author={Roger Maull and Phil Godsiff and Catherine Mulligan and Alan Brown
and Beth Kewell},
  journal={{Briefings in Entrepreneurial Finance}},
  volume={26},
  number={5},
  pages={481--489},
  year={2017},
  publisher={Strategic Change},
  doi={https://doi.org/10.1002/jsc.2148}  
}

@misc{CHF,
	Author = {{Wikipedia}},
	Howpublished = {https://en.wikipedia.org/wiki/Cryptographic\_hash\_function},
	Title = {Cryptographic hash function},
	Year = {2019}}
	
@misc{tutorialspoint,
	Author = {{Tutorialspoint}},
	Howpublished = {https://techterms.com/definition/blockchain},
	Title = {Blockchain - Bitcoin - Mining},
	Year = {2019}}
	
@misc{bitcoin_wiki,
	Author = {{Bitcoin Wiki}},
	Howpublished = {https://en.bitcoin.it/wiki/Mining},
	Title = {Mining},
	Year = {2019}}
	
@INPROCEEDINGS{consensus,
author ="{L. M. Bach and B. Mihaljevic and M. Zagar}",
title  =	 {{Comparative analysis of blockchain consensus algorithms}},
booktitle =    "41st International Convention on Information and Communication Technology, Electronics and Microelectronics (MIPRO)",
address =      "Opatija, Croatia",
year =         2018
}

@misc{IOTA_Merkle,
	Author = {{IOTA Ecosystem}},
	Howpublished = {https://ecosystem.iota.org/tutorials/iota-tutorial-18},
	Title = {IOTA Tutorial 18 - Merkle Tree},
	Year = {2018}}
-----------------------

@techreport{5GArchitect,
  title={{5G; System Architecture for the 5G System}},
  author={{3GPP TS 23.501 version 15.2.0 Release 15}},
  year={2018-06},
  institution={{3rd Generation Partnership Project}},
  type={Version 15},
}

@misc{solidity_manual,
	Author = {{Solidity}},
	Howpublished = {https://solidity.readthedocs.io/en/v0.5.12/},
	Title = {{Solidity documentation}},
	Year = {2019}}


